@Manual{R-base,
  title = {R: A Language and Environment for Statistical Computing},
  author = {{R Core Team}},
  organization = {R Foundation for Statistical Computing},
  address = {Vienna, Austria},
  year = {2019},
  url = {https://www.R-project.org/},
}

@Manual{R-papaja,
  author = {Frederik Aust and Marius Barth},
  title = {{papaja}: {Create} {APA} manuscripts with {R Markdown}},
  year = {2020},
  note = {R package version 0.1.0.9997},
  url = {https://github.com/crsh/papaja},
}

@Manual{R-dplyr,
  title = {dplyr: A Grammar of Data Manipulation},
  author = {Hadley Wickham and Romain François and Lionel {
             Henry} and Kirill Müller},
  year = {2020},
  note = {R package version 1.0.2},
  url = {https://CRAN.R-project.org/package=dplyr},
}

@Manual{R-forcats,
  title = {forcats: Tools for Working with Categorical Variables (Factors)},
  author = {Hadley Wickham},
  year = {2020},
  note = {R package version 0.5.0},
  url = {https://CRAN.R-project.org/package=forcats},
}

@Book{R-ggplot2,
  author = {Hadley Wickham},
  title = {ggplot2: Elegant Graphics for Data Analysis},
  publisher = {Springer-Verlag New York},
  year = {2016},
  isbn = {978-3-319-24277-4},
  url = {https://ggplot2.tidyverse.org},
}
@Manual{R-janitor,
  title = {janitor: Simple Tools for Examining and Cleaning Dirty Data},
  author = {Sam Firke},
  year = {2020},
  note = {R package version 2.0.1},
  url = {https://CRAN.R-project.org/package=janitor},
}
@Manual{R-purrr,
  title = {purrr: Functional Programming Tools},
  author = {Lionel Henry and Hadley Wickham},
  year = {2020},
  note = {R package version 0.3.4},
  url = {https://CRAN.R-project.org/package=purrr},
}
@Manual{R-readr,
  title = {readr: Read Rectangular Text Data},
  author = {Hadley Wickham and Jim Hester},
  year = {2020},
  note = {R package version 1.4.0},
  url = {https://CRAN.R-project.org/package=readr},
}

@Manual{R-rio,
  title = {rio: A Swiss-army knife for data file I/O},
  author = {Chung-hong Chan and Geoffrey CH Chan and Thomas J. Leeper and Jason Becker},
  year = {2018},
  note = {R package version 0.5.16},
}

@Manual{R-stringr,
  title = {stringr: Simple, Consistent Wrappers for Common String Operations},
  author = {Hadley Wickham},
  year = {2019},
  note = {R package version 1.4.0},
  url = {https://CRAN.R-project.org/package=stringr},
}

@Manual{R-tibble,
  title = {tibble: Simple Data Frames},
  author = {Kirill Müller and Hadley Wickham},
  year = {2020},
  note = {R package version 3.0.4},
  url = {https://CRAN.R-project.org/package=tibble},
}

@Manual{R-tidyr,
  title = {tidyr: Tidy Messy Data},
  author = {Hadley Wickham},
  year = {2020},
  note = {R package version 1.1.2},
  url = {https://CRAN.R-project.org/package=tidyr},
}

@Article{R-tidyverse,
  title = {Welcome to the {tidyverse}},
  author = {Hadley Wickham and Mara Averick and Jennifer Bryan and Winston Chang and Lucy D'Agostino McGowan and Romain François and Garrett Grolemund and Alex Hayes and Lionel Henry and Jim Hester and Max Kuhn and Thomas Lin Pedersen and Evan Miller and Stephan Milton Bache and Kirill Müller and Jeroen Ooms and David Robinson and Dana Paige Seidel and Vitalie Spinu and Kohske Takahashi and Davis Vaughan and Claus Wilke and Kara Woo and Hiroaki Yutani},
  year = {2019},
  journal = {Journal of Open Source Software},
  volume = {4},
  number = {43},
  pages = {1686},
  doi = {10.21105/joss.01686},
}

@article{beauvois2007quantifying,
  title={Quantifying aesthetic preference and perceived complexity for fractal melodies},
  author={Beauvois, Michael W},
  journal={Music Perception},
  volume={24},
  number={3},
  pages={247--264},
  year={2007},
  publisher={University of California Press USA}
}

@article{bies2016aesthetic,
  title={Aesthetic responses to exact fractals driven by physical complexity},
  author={Bies, Alexander J and Blanc-Goldhammer, Daryn R and Boydston, Cooper R and Taylor, Richard P and Sereno, Margaret E},
  journal={Frontiers in human neuroscience},
  volume={10},
  pages={210},
  year={2016},
  publisher={Frontiers}
}

@article{cheung2004natural,
  title={The natural environment \& human well-being: Insights from fractal composition analysis},
  author={Cheung, Kenneth C and Wells, Nancy M},
  journal={HarFA e-journal},
  pages={76--82},
  year={2004}
}

@article{mandelbrot1989fractal,
  title={Fractal geometry: what is it, and what does it do?},
  author={Mandelbrot, Benoit B},
  journal={Proceedings of the Royal Society of London. A. Mathematical and Physical Sciences},
  volume={423},
  number={1864},
  pages={3--16},
  year={1989},
  publisher={The Royal Society London}
}

@article{hagerhall2015human,
  title={Human physiological benefits of viewing nature: EEG responses to exact and statistical fractal patterns},
  author={Hagerhall, CM and Laike, Thorbj{\"o}rn and Kuller, M and Marcheschi, E and Boydston, C and Taylor, RP},
  journal={Nonlinear dynamics, psychology, and life sciences},
  volume={19},
  number={1},
  pages={1--12},
  year={2015},
  publisher={Society for Chaos Theory in Psychology \& Life Sciences}
}

@article{hagerhall2004fractal,
  title={Fractal dimension of landscape silhouette outlines as a predictor of landscape preference},
  author={Hagerhall, Caroline M and Purcell, Terry and Taylor, Richard},
  journal={Journal of environmental psychology},
  volume={24},
  number={2},
  pages={247--255},
  year={2004},
  publisher={Elsevier}
}

@article{hard2019attention,
  title={Attention reorganizes as structure is detected in dynamic action},
  author={Hard, Bridgette Martin and Meyer, Meredith and Baldwin, Dare},
  journal={Memory \& cognition},
  volume={47},
  number={1},
  pages={17--32},
  year={2019},
  publisher={Springer}
}

@article{kosie2019attentional,
  title={Attentional profiles linked to event segmentation are robust to missing information},
  author={Kosie, Jessica E and Baldwin, Dare},
  journal={Cognitive research: principles and implications},
  volume={4},
  number={1},
  pages={1--18},
  year={2019},
  publisher={SpringerOpen}
}

@inproceedings{losa2009fractal,
  title={The fractal geometry of life.},
  author={Losa, Gabriele A},
  booktitle={Biology Forum/Rivista di Biologia},
  volume={102},
  number={1},
  year={2009}
}

@article{mandelbrot1998nature,
  title={Is nature fractal?},
  author={Mandelbrot, Benoit B and Pfeifer, Peter and Biham, Ofer and Malcai, Ofer and Lidar, D and Avnir, David},
  journal={Science},
  volume={279},
  number={5352},
  pages={783--783},
  year={1998}
}

@article{robles2020shared,
  title={A shared fractal aesthetic across development},
  author={Robles, Kelly E and Liaw, Nicole A and Taylor, Richard P and Baldwin, Dare A and Sereno, Margaret E},
  journal={Humanities and Social Sciences Communications},
  volume={7},
  number={1},
  pages={1--8},
  year={2020},
  publisher={Palgrave}
}

@article{spehar2003universal,
  title={Universal aesthetic of fractals},
  author={Spehar, Branka and Clifford, Colin WG and Newell, Ben R and Taylor, Richard P},
  journal={Computers \& Graphics},
  volume={27},
  number={5},
  pages={813--820},
  year={2003},
  publisher={Elsevier}
}

@article{street2016complex,
  title={A complex story: Universal preference vs. individual differences shaping aesthetic response to fractals patterns},
  author={Street, Nichola and Forsythe, Alexandra M and Reilly, Ronan and Taylor, Richard and Helmy, Mai S},
  journal={Frontiers in human neuroscience},
  volume={10},
  pages={213},
  year={2016},
  publisher={Frontiers}
}

@article{taylor2006reduction,
  title={Reduction of physiological stress using fractal art and architecture},
  author={Taylor, Richard P},
  journal={Leonardo},
  volume={39},
  number={3},
  pages={245--251},
  year={2006},
  publisher={MIT Press}
}

@article{taylor2005perceptual,
  title={Perceptual and physiological responses to the visual complexity of fractal patterns},
  author={Taylor, Richard P and Spehar, Branka and Wise, James A and Clifford, CW and Newell, Ben R and Hagerhall, Caroline M and Purcell, Terry and Martin, Theodore P},
  journal={Nonlinear Dynamics Psychol. Life. Sci},
  volume={9},
  pages={89--114},
  year={2005}
}

@article{theiler1990estimating,
  title={Estimating fractal dimension},
  author={Theiler, James},
  journal={JOSA A},
  volume={7},
  number={6},
  pages={1055--1073},
  year={1990},
  publisher={Optical Society of America}
}